<?xml version="1.0" encoding="UTF-8"?><collection xmlns="http://www.loc.gov/MARC21/slim"><record><leader>00398nam--2200133-i-4500</leader><controlfield tag="001">000012262</controlfield><controlfield tag="002">20161230</controlfield><controlfield tag="005">20161230201029</controlfield><controlfield tag="008">060222s1000------------r-----000-0-eng-d</controlfield><datafield ind1=" " ind2=" " tag="100"><subfield code="a">Criddle, W.J.And Ellis, G.P</subfield></datafield><datafield ind1=" " ind2=" " tag="245"><subfield code="a">Spectral and chemical characterization of organic compounds. a laboratory handbook</subfield></datafield><datafield ind1=" " ind2=" " tag="260"><subfield code="a">London, John Wiley &amp; Sons, 1976</subfield></datafield><datafield ind1=" " ind2=" " tag="490"><subfield code="a">Viii+103p</subfield></datafield><datafield ind1=" " ind2=" " tag="852"><subfield code="a">543.42:547(036)</subfield></datafield></record></collection>